@Misc{meupossante,
	title = "{Meu Possante}",
	author = "José {Lucas} dos Santos Borges",
    year= 2017,
	howpublished = {\url{https://github.com/genjiff/meupossante}},
  	note = "Último acesso em 15 de Fevereiro de 2017"
}

@Misc{manualhyundai,
	title = "{Manual do Proprietário - Hyundai HB20}",
	author = "Hyundai",
    year= 2017,
	howpublished = {\url{http://www.hyundai.com/br/pt/Services/Maintenance/OwnersMannual/index.html}},
    note = "Último acesso em 15 de Fevereiro de 2017"
}

@Misc{manualonix,
	title = "{Manual do Proprietário - Chevrolet Onix}",
	author = "Chevrolet",
    year= 2017,
	howpublished = {\url{http://www.chevrolet.com.br/content/dam/Chevrolet/lat-am/Brazil/nscwebsite/pt/Home/Owners/Vehicle%20Manuals/2017/02_pdf/MY17_Onix_52142508_POR_20170101_V0-Low.pdf}},
    note = "Último acesso em 15 de Fevereiro de 2017"
}

@Misc{manualka,
	title = "{Manual do Proprietário - Ford Ka+}",
	author = "Ford",
    year= 2017,
	howpublished = {\url{http://www.fordservicecontent.com/Ford_Content/vdirsnet/OwnerManual/Home/Index?bookcode=O34405&marketCode=PT&languageCode=PT&VIN=&div=f}},
    note = "Último acesso em 15 de Fevereiro de 2017"
}

@Misc{fenabrave,
	title = "{Automóveis mais vendidos em 2016 - Fenabrave}",
	author = "Fenabrave",
    year= 2017,
	howpublished = {\url{http://www.fenabrave.org.br/rel_mais_vendidos.asp}},
    note = "Último acesso em 15 de Fevereiro de 2017"
}

@article{guimaraes2004sistema,
  title={Sistema de informação: instrumento para tomada de decisão no exercício da gerência},
  author={Guimarães, Eliane Marina Palhares and Évora, Yolanda Dora Martinez},
  journal={Ciência da Informação, Brasília},
  volume={33},
  number={1},
  pages={72--80},
  year={2004},
  publisher={SciELO Brasil}
}

@Misc{falsarella2004sistemas,
	title={Sistemas de Informação e Sistemas de Apoio à Decisão},
	author={Falsarella, Orandi Mina and Chaves, Eduardo OC},
    year={2004},
	howpublished = {\url{http://julio.scalfoni.com.br/arquivos/disciplinas/BSI.SAD/SI_SAD.doc}},
    note = "Último acesso em 15 de Fevereiro de 2017"
}

@article{o2001sistemas,
  title={Sistemas de informação para apoio à decisão gerencial},
  author={O’Brien, J. A.},
  journal={Sistemas de informação e as decisões gerenciais na era da Internet. São Paulo: Ed. Saraiva},
  pages={246--258},
  year={2001}
}

@phdthesis{neto2000modelo,
  title={Um modelo conceitual de sistema de apoio à decisão espacial para a gestão de desastres por inundações. 2000},
  author={Rafaeli Neto, L. S.},
  year={2000},
  school={Dissertação (Doutorado em Transportes)-Departamento de transportes, Escola Politécnica da Universidade de São Paulo, São Paulo}
}
